@article{Ruder2016,
    author    = {Matthew Hausknecht and Peter Stone},
	title     = {Deep Recurrent Q-Learning for Partially Observable MDPs},
	journal   = {CoRR},
	volume    = {abs/1604.08610},
	year      = {2016},
	url       = {http://arxiv.org/abs/1604.08610}
}





